% Distributional Hypothesis
@article{disthyp,
      author = {Zellig S. Harris},
      title = {Distributional Structure},
      journal = {WORD},
      volume = {10},
      number = {2-3},
      pages = {146-162},
      year = {1954},
      doi = {10.1080/00437956.1954.11659520},
      URL = {http://dx.doi.org/10.1080/00437956.1954.11659520},
      eprint = {http://dx.doi.org/10.1080/00437956.1954.11659520}
}

@inproceedings{manking,
      added-at = {2016-04-04T12:53:11.000+0200},
      author = {Mikolov, Tomas and Yih, Wen-tau and Zweig, Geoffrey},
      biburl = {https://www.bibsonomy.org/bibtex/2b7a129bf7263d5b98caedcf4cb6f43a1/thoni},
      booktitle = {HLT-NAACL},
      interhash = {14a567771d9ce43df2e38d88cbfc251f},
      intrahash = {b7a129bf7263d5b98caedcf4cb6f43a1},
      keywords = {deeplearning linguistic regularities thema thema:word_embeddings},
      pages = {746--751},
      timestamp = {2016-09-06T08:23:07.000+0200},
      title = {Linguistic Regularities in Continuous Space Word Representations.},
      year = 2013
}

% Word2Vec #1 (context -> nearby vectors)
@article{w2v_1,
      author    = {Tomas Mikolov and
               Kai Chen and
               Greg Corrado and
               Jeffrey Dean},
      title     = {Efficient Estimation of Word Representations in Vector Space},
      journal   = {CoRR},
      volume    = {abs/1301.3781},
      year      = {2013},
      url       = {http://arxiv.org/abs/1301.3781},
      timestamp = {Wed, 07 Jun 2017 14:42:25 +0200},
      biburl    = {http://dblp.uni-trier.de/rec/bib/journals/corr/abs-1301-3781},
      bibsource = {dblp computer science bibliography, http://dblp.org}
}

% original w2v paper
@incollection{w2v_2,
      title = {Distributed Representations of Words and Phrases and their Compositionality},
      author = {Mikolov, Tomas and Sutskever, Ilya and Chen, Kai and Corrado, Greg S and Dean, Jeff},
      booktitle = {Advances in Neural Information Processing Systems 26},
      editor = {C. J. C. Burges and L. Bottou and M. Welling and Z. Ghahramani and K. Q. Weinberger},
      pages = {3111--3119},
      year = {2013},
      publisher = {Curran Associates, Inc.},
      url = {http://papers.nips.cc/paper/5021-distributed-representations-of-words-and-phrases-and-their-compositionality.pdf}
}


% Gensim code cite
@inproceedings{gensim,
      title = {{Software Framework for Topic Modelling with Large Corpora}},
      author = {Radim {\v R}eh{\r u}{\v r}ek and Petr Sojka},
      booktitle = {{Proceedings of the LREC 2010 Workshop on New Challenges for NLP Frameworks}},
      pages = {45--50},
      year = 2010,
      month = May,
      day = 22,
      publisher = {ELRA},
      address = {Valletta, Malta},
      note={\url{http://is.muni.cz/publication/884893/en}},
      language={English}
}

% word2vec negative sampling
@article{w2v_neg,
      author    = {Yoav Goldberg and
               Omer Levy},
      title     = {word2vec Explained: deriving Mikolov et al.'s negative-sampling word-embedding
               method},
      journal   = {CoRR},
      volume    = {abs/1402.3722},
      year      = {2014},
      url       = {http://arxiv.org/abs/1402.3722},
      timestamp = {Wed, 07 Jun 2017 14:43:07 +0200},
      biburl    = {http://dblp.uni-trier.de/rec/bib/journals/corr/GoldbergL14},
      bibsource = {dblp computer science bibliography, http://dblp.org}
}

@misc{sgcbowimages, 
      title       =     {From words to vectors}, 
      note        =     {Available at: \url{https://ricardokleinklein.github.io/Word2Vec/}}, 
      author      =     {Faúndez-Carrasco, Ricardo}, 
      year        =     {2017}, 
      month       =     {Mar}
}

@INPROCEEDINGS{h_softmax,
    author = {Frederic Morin and Yoshua Bengio},
    title = {Hierarchical probabilistic neural network language model},
    booktitle = {AISTATS’05},
    year = {2005},
    pages = {246--252},
    publisher = {}
}

% heirarchial softmax
@article{w2v_param,
      author    = {Xin Rong},
      title     = {word2vec Parameter Learning Explained},
      journal   = {CoRR},
      volume    = {abs/1411.2738},
      year      = {2014},
      url       = {http://arxiv.org/abs/1411.2738},
      timestamp = {Wed, 07 Jun 2017 14:43:03 +0200},
      biburl    = {http://dblp.uni-trier.de/rec/bib/journals/corr/Rong14},
      bibsource = {dblp computer science bibliography, http://dblp.org}
}

@article{doc2vec,
      author    = {Quoc V. Le and
         Tomas Mikolov},
      title     = {Distributed Representations of Sentences and Documents},
      journal   = {CoRR},
      volume    = {abs/1405.4053},
      year      = {2014},
      url       = {http://arxiv.org/abs/1405.4053},
      timestamp = {Wed, 07 Jun 2017 14:42:08 +0200},
      biburl    = {http://dblp.uni-trier.de/rec/bib/journals/corr/LeM14},
      bibsource = {dblp computer science §bibliography, http://dblp.org}
}

@article{lda,
      author = {Blei, David M. and Ng, Andrew Y. and Jordan, Michael I.},
      title = {Latent Dirichlet Allocation},
      journal = {Journal of Machine Learning Research},
      volume = {3},
      month = Mar,
      year = {2003},
      issn = {1532-4435},
      pages = {993--1022},
      numpages = {30},
      url = {http://dl.acm.org/citation.cfm?id=944919.944937},
      acmid = {944937},
      publisher = {JMLR.org},
} 

@article{lda2vec,
      author    = {Christopher E. Moody},
      title     = {Mixing Dirichlet Topic Models and Word Embeddings to Make lda2vec},
      journal   = {CoRR},
      volume    = {abs/1605.02019},
      year      = {2016},
      url       = {http://arxiv.org/abs/1605.02019},
      timestamp = {Wed, 07 Jun 2017 14:42:01 +0200},
      biburl    = {http://dblp.uni-trier.de/rec/bib/journals/corr/Moody16},
      bibsource = {dblp computer science bibliography, http://dblp.org}
}

@techreport{pagerank,
      number = {1999-66},
      month = {November},
      author = {Lawrence Page and Sergey Brin and Rajeev Motwani and Terry Winograd},
      note = {Previous number = SIDL-WP-1999-0120},
      title = {The PageRank Citation Ranking: Bringing Order to the Web.},
      type = {Technical Report},
      publisher = {Stanford InfoLab},
      year = {1999},
      institution = {Stanford InfoLab},
      url = {http://ilpubs.stanford.edu:8090/422/}
}

@article{cosine_sim,
      author = {Singhal, Amit},
      description = {dblp},
      journal = {IEEE Data Eng. Bull.},
      note = {Letzter Zugriff: 20. October 2011},
      number = 4,
      pages = {35-43},
      timestamp = {2011-10-19T14:56:00.000+0200},
      title = {Modern Information Retrieval: A Brief Overview.},
      url = {http://singhal.info/ieee2001.pdf},
      volume = 24,
      year = 2001
}

@inproceedings{glove,
      author = {Jeffrey Pennington and Richard Socher and Christopher D. Manning},
      booktitle = {Empirical Methods in Natural Language Processing (EMNLP)},
      title = {GloVe: Global Vectors for Word Representation},
      year = {2014},
      pages = {1532--1543},
      url = {http://www.aclweb.org/anthology/D14-1162},
}

@article{desm,
      author    = {Bhaskar Mitra and
               Eric T. Nalisnick and
               Nick Craswell and
               Rich Caruana},
      title     = {A Dual Embedding Space Model for Document Ranking},
      journal   = {CoRR},
      volume    = {abs/1602.01137},
      year      = {2016},
      url       = {http://arxiv.org/abs/1602.01137},
      timestamp = {Wed, 07 Jun 2017 14:40:53 +0200},
      biburl    = {http://dblp.uni-trier.de/rec/bib/journals/corr/MitraNCC16},
      bibsource = {dblp computer science bibliography, http://dblp.org}
}

@article{w2v_cluster,
      author = {Yuan, Y and He, L and Peng, L and Huang, Z},
      year = {2014},
      month = {11},
      pages = {9301-9308},
      title = {A new study based on Word2vec and cluster for document categorization},
      volume = {10},
      booktitle = {Journal of Computational Information Systems}
}

@book{softmax,
      Author = {Christopher M. Bishop},
      Title = {Pattern Recognition and Machine Learning (Information Science and Statistics)},
      Publisher = {Springer},
      Year = {2011},
      ISBN = {0387310738},
}

@article{sense2vec,
      author    = {Andrew Trask and
                  Phil Michalak and
                  John Liu},
      title     = {sense2vec - {A} Fast and Accurate Method for Word Sense Disambiguation
                  In Neural Word Embeddings},
      journal   = {CoRR},
      volume    = {abs/1511.06388},
      year      = {2015},
      url       = {http://arxiv.org/abs/1511.06388},
      timestamp = {Wed, 07 Jun 2017 14:40:25 +0200},
      biburl    = {http://dblp.uni-trier.de/rec/bib/journals/corr/TraskML15},
      bibsource = {dblp computer science bibliography, http://dblp.org}
}

@article{adagram,
      author    = {Sergey Bartunov and
                  Dmitry Kondrashkin and
                  Anton Osokin and
                  Dmitry P. Vetrov},
      title     = {Breaking Sticks and Ambiguities with Adaptive Skip-gram},
      journal   = {CoRR},
      volume    = {abs/1502.07257},
      year      = {2015},
      url       = {http://arxiv.org/abs/1502.07257},
      timestamp = {Wed, 07 Jun 2017 14:42:10 +0200},
      biburl    = {http://dblp.uni-trier.de/rec/bib/journals/corr/BartunovKOV15},
      bibsource = {dblp computer science bibliography, http://dblp.org}
}

@misc{word_dim,
      author = {Eric Nalisnick and Sachin Ravi},
      title = {Learning the Dimensionality of Word Embeddings},
      year = {2015},
      eprint = {arXiv:1511.05392},
}

@misc{lopresti, 
      title={Web Document Analysis and Information Retrieval}, 
      note={Available at: \url{http://wda2001.csc.liv.ac.uk/Panel_Presentations/Lopresti/Lopresti_files/v3_document.htm}}, 
      journal={WDA 2001}, 
      author={Lopresti, Daniel},
      year={2001},
      month={September}
}

@article{recprec,
      author = {Kent, Allen and Berry, Madeline M. and Luehrs, Fred U. and Perry, J. W.},
      title = {Machine literature searching VIII. Operational criteria for designing information retrieval systems},
      journal = {American Documentation},
      volume = {6},
      number = {2},
      publisher = {Wiley Subscription Services, Inc., A Wiley Company},
      issn = {1936-6108},
      url = {http://dx.doi.org/10.1002/asi.5090060209},
      doi = {10.1002/asi.5090060209},
      pages = {93--101},
      year = {1955},
}

@article{stopwords,
      author = {Luhn, H. P.},
      title = {Key word-in-context index for technical literature (kwic index)},
      journal = {American Documentation},
      volume = {11},
      number = {4},
      publisher = {Wiley Subscription Services, Inc., A Wiley Company},
      issn = {1936-6108},
      url = {http://dx.doi.org/10.1002/asi.5090110403},
      doi = {10.1002/asi.5090110403},
      pages = {288--295},
      year = {1960},
}

@misc{lemma,
      added-at = {2011-11-02T03:50:50.000+0100},
      author = {{Merriam-Webster Online}},
      keywords = {imported},
      timestamp = {2011-11-02T03:50:55.000+0100},
      title = {{Merriam-Webster Online Dictionary}},
      url = {http://www.merriam-webster.com},
      year = 2009
}

@book{irmodels,
      Author = {Dominik Kuropka},
      Title = {Modelle Zur Reprasentation Naturlichsprachlicher Dokumente: Ontologie-Basiertes Information-Filtering Und -Retrieval Mit Relationalen Datenbanken ... and Management Science) (German Edition)},
      Publisher = {Logos Verlag Berlin},
      Year = {2004},
      ISBN = {3832505148},
}

@book{nltk,
      author = {Steven Bird and Ewan Klein and Edward Loper},
      title = {{Natural Language Processing with Python}},
      publisher = {O'Reilly Media},
      year = 2009
}

@inproceedings{bm25,
      author = {Robertson, Stephen and Walker, S. and Jones, S. and Hancock-Beaulieu, M. M. and Gatford, M.},
      title = {Okapi at TREC–2},
      booktitle = {The Second Text REtrieval Conference (TREC–2)},
      year = {1994},
      month = {January},
      publisher = {Gaithersburg, MD: NIST},
      pages = {21–34},
}

@book{tfidf,
      Author = {Anand Rajaraman and Jeffrey David Ullman},
      Title = {Mining of Massive Datasets},
      Publisher = {Cambridge University Press},
      Year = {2012},
      ISBN = {1139058452},
}

@article{ir_testset,
      volume = {18},
      number = {2},
      month = {June},
      author = {Paul Clough and Mark Sanderson},
      title = {Evaluating the performance of information retrieval systems using test collections},
      publisher = {Professor T.D. Wilson},
      year = {2013},
      journal = {Information Research},
      url = {http://www.informationr.net/ir/18-2/paper582.html},
}

@article{ir_process, 
      title={Review: Information Retrieval Techniques and Applications}, 
      volume={3}, 
      url={http://www.ijcncs.org/published/volume3/issue9/p3_3-9.pdf}, 
      number={9}, 
      journal={International Journal of Computer Networks and Communications Security}, 
      author={Roshdi, Akram and Roohparvar, Akram}, 
      year={2015}, 
      pages={373–377}
}

@article{dimensionality,
      author = {Marimont, R. B. and Shapiro, M. B.},
      title = {Nearest Neighbour Searches and the Curse of Dimensionality},
      journal = {IMA Journal of Applied Mathematics},
      volume = {24},
      number = {1},
      pages = {59-70},
      year = {1979},
      doi = {10.1093/imamat/24.1.59},
      URL = {http://dx.doi.org/10.1093/imamat/24.1.59},
      eprint = {/oup/backfile/content_public/journal/imamat/24/1/10.1093/imamat/24.1.59/2/24-1-59.pdf}
}

@article{kdtree,
      acmid = {361007},
      author = {Bentley, Jon Louis},
      doi = {10.1145/361002.361007},
      issn = {0001-0782},
      issue = {9},
      journal = {Commun. ACM},
      month = {September},
      numpages = {9},
      pages = {509--517},
      publisher = {ACM},
      timestamp = {2011-07-02T13:04:14.000+0200},
      title = {Multidimensional binary search trees used for associative searching},
      url = {http://doi.acm.org/10.1145/361002.361007},
      volume = 18,
      year = 1975
}

@inbook{kdtree_hd,
      author = {Jacob E. Goodman and Joseph O'Rourke and Piotr Indyk},
      journal = {Handbook of Discrete and Computational Geometry},
      chapter = {39},
      year = {2004},
      isbn = {0-8493-8524-5},
      publisher = {CRC Press},
      edition = {2}
} 

@article{lsh, 
      author={M. Slaney and M. Casey}, 
      journal={IEEE Signal Processing Magazine}, 
      title={Locality-Sensitive Hashing for Finding Nearest Neighbors [Lecture Notes]}, 
      year={2008}, 
      volume={25}, 
      number={2}, 
      pages={128-131}, 
      doi={10.1109/MSP.2007.914237}, 
      ISSN={1053-5888}, 
      month={March}
}

@article{bim,
      author = {Yu, C. T. and Salton, G.},
      title = {Precision Weighting - An Effective Automatic Indexing Method},
      journal = {J. ACM},
      issue_date = {Jan. 1976},
      volume = {23},
      number = {1},
      month = jan,
      year = {1976},
      issn = {0004-5411},
      pages = {76--88},
      numpages = {13},
      url = {http://doi.acm.org/10.1145/321921.321930},
      doi = {10.1145/321921.321930},
      acmid = {321930},
      publisher = {ACM},
      address = {New York, NY, USA},
} 

@book{ir_intro,
      author = {Manning, Christopher D. and Raghavan, Prabhakar and Sch\"{u}tze, Hinrich},
      title = {Introduction to Information Retrieval},
      year = {2008},
      isbn = {0521865719, 9780521865715},
      publisher = {Cambridge University Press},
      address = {New York, NY, USA},
} 
%queryexp, dcg, bm25_param, rocchio

@inproceedings{queryexp_res,
      author = {Mitra, Mandar and Singhal, Amit and Buckley, Chris},
      title = {Improving Automatic Query Expansion},
      booktitle = {Proceedings of the 21st Annual International ACM SIGIR Conference on Research and Development in Information Retrieval},
      series = {SIGIR '98},
      year = {1998},
      isbn = {1-58113-015-5},
      location = {Melbourne, Australia},
      pages = {206--214},
      numpages = {9},
      url = {http://doi.acm.org/10.1145/290941.290995},
      doi = {10.1145/290941.290995},
      acmid = {290995},
      publisher = {ACM},
      address = {New York, NY, USA},
} 

@article{tfidf_h,
      title = "Index term weighting",
      journal = "Information Storage and Retrieval",
      volume = "9",
      number = "11",
      pages = "619 - 633",
      year = "1973",
      note = "",
      issn = "0020-0271",
      doi = "http://dx.doi.org/10.1016/0020-0271(73)90043-0",
      url = "http://www.sciencedirect.com/science/article/pii/0020027173900430",
      author = "Karen Sparck Jones"
}

@book{hellinger,
      Author = {Michiel Hazewinkel},
      Title = {Encyclopaedia of Mathematics},
      Publisher = {Springer},
      Year = {1994},
      ISBN = {1556080107}
}

@INPROCEEDINGS{pca,
      author    = {Sanjeev Arora and Yingyu Liang and Tengyu Ma},
      title     = {A Simple But Tough-To-Beat Baseline For Sentence Embeddings},
      booktitle = {5th International Conference on Learning Representations},
      year      = {2017}
}

@misc{cross_val,
      author      = {Jeff Schneider and Andrew W. Moore},
      note        = {Available at: \url{https://www.cs.cmu.edu/~schneide/tut5/node42.html}},
      title       = {A Locally Weighted Learning Tutorial using Vizier 1.0},
      year        = {1997}
}

@article{lstm_rnn,
  author    = {Hamid Palangi and
               Li Deng and
               Yelong Shen and
               Jianfeng Gao and
               Xiaodong He and
               Jianshu Chen and
               Xinying Song and
               Rabab K. Ward},
  title     = {Deep Sentence Embedding Using the Long Short Term Memory Network:
               Analysis and Application to Information Retrieval},
  journal   = {CoRR},
  volume    = {abs/1502.06922},
  year      = {2015},
  url       = {http://arxiv.org/abs/1502.06922},
  timestamp = {Wed, 07 Jun 2017 14:41:59 +0200},
  biburl    = {http://dblp.uni-trier.de/rec/bib/journals/corr/PalangiDSGHCSW15},
  bibsource = {dblp computer science bibliography, http://dblp.org}
}

@article{cbow_s,
      author    = {Tom Kenter and
               Alexey Borisov and
               Maarten de Rijke},
      title     = {Siamese {CBOW:} Optimizing Word Embeddings for Sentence Representations},
      journal   = {CoRR},
      volume    = {abs/1606.04640},
      year      = {2016},
      url       = {http://arxiv.org/abs/1606.04640},
      timestamp = {Wed, 07 Jun 2017 14:40:16 +0200},
      biburl    = {http://dblp.uni-trier.de/rec/bib/journals/corr/KenterBR16},
      bibsource = {dblp computer science bibliography, http://dblp.org}
}

@article{importance,
      author    = {Cedric De Boom and
               Steven Van Canneyt and
               Steven Bohez and
               Thomas Demeester and
               Bart Dhoedt},
      title     = {Learning Semantic Similarity for Very Short Texts},
      journal   = {CoRR},
      volume    = {abs/1512.00765},
      year      = {2015},
      url       = {http://arxiv.org/abs/1512.00765},
      timestamp = {Wed, 07 Jun 2017 14:42:01 +0200},
      biburl    = {http://dblp.uni-trier.de/rec/bib/journals/corr/BoomCBDD15},
      bibsource = {dblp computer science bibliography, http://dblp.org}
}

@article{vectorspace,
      author = {Salton, G. and Wong, A. and Yang, C. S.},
      title = {A Vector Space Model for Automatic Indexing},
      journal = {Commun. ACM},
      issue_date = {Nov. 1975},
      volume = {18},
      number = {11},
      month = nov,
      year = {1975},
      issn = {0001-0782},
      pages = {613--620},
      numpages = {8},
      url = {http://doi.acm.org/10.1145/361219.361220},
      doi = {10.1145/361219.361220},
      acmid = {361220},
      publisher = {ACM},
      address = {New York, NY, USA},
      keywords = {automatic indexing, automatic information retrieval, content analysis, document space},
} 

@article{lda_plate,
      author = {Blei, David M.},
      title = {Probabilistic Topic Models},
      journal = {Commun. ACM},
      issue_date = {April 2012},
      volume = {55},
      number = {4},
      month = apr,
      year = {2012},
      issn = {0001-0782},
      pages = {77--84},
      numpages = {8},
      url = {http://doi.acm.org/10.1145/2133806.2133826},
      doi = {10.1145/2133806.2133826},
      acmid = {2133826},
      publisher = {ACM},
      address = {New York, NY, USA},
} 

@article{swivel,
  author    = {Noam Shazeer and
               Ryan Doherty and
               Colin Evans and
               Chris Waterson},
  title     = {Swivel: Improving Embeddings by Noticing What's Missing},
  journal   = {CoRR},
  volume    = {abs/1602.02215},
  year      = {2016},
  url       = {http://arxiv.org/abs/1602.02215},
  timestamp = {Wed, 07 Jun 2017 14:41:48 +0200},
  biburl    = {http://dblp.uni-trier.de/rec/bib/journals/corr/ShazeerDEW16},
  bibsource = {dblp computer science bibliography, http://dblp.org}
}
%w2v_glove

@article{skip_thought,
  author    = {Ryan Kiros and
               Yukun Zhu and
               Ruslan Salakhutdinov and
               Richard S. Zemel and
               Antonio Torralba and
               Raquel Urtasun and
               Sanja Fidler},
  title     = {Skip-Thought Vectors},
  journal   = {CoRR},
  volume    = {abs/1506.06726},
  year      = {2015},
  url       = {http://arxiv.org/abs/1506.06726},
  timestamp = {Thu, 13 Jul 2017 11:49:40 +0200},
  biburl    = {http://dblp.uni-trier.de/rec/bib/journals/corr/KirosZSZTUF15},
  bibsource = {dblp computer science bibliography, http://dblp.org}
}
